@book{davey2002introduction,
  author    = {Davey, B. A. and Priestley, H. A.},
  year      = {2002},
  publisher = {Cambridge University Press},
  title     = {Introduction to {Lattices} and {Order}},
}

@book{ganter1999formal,
  author    = {Ganter, Bernhard and Wille, Rudolf},
  year      = {1999},
  pages     = {},
  publisher = {Springer Berlin, Heidelberg},
  title     = {Formal {Concept} {Analysis}: Mathematical {Foundations}},
  volume    = {}
}

@book{ganter2016conceptual,
  author    = {Ganter, Bernhard and Obiedkov, Sergei},
  year      = {2016},
  pages     = {1--315},
  publisher = {Springer Berlin Heidelberg},
  title     = {Conceptual {Exploration}},
  volume    = {}
}

